@inproceedings{wimmer2024back,
        title={Back to {3D}: Few-Shot {3D} Keypoint Detection with Back-Projected {2D} Features},
        author={Wimmer, Thomas and Wonka, Peter and Ovsjanikov, Maks},
        booktitle={Proceedings of the IEEE/CVF Conference on Computer Vision and Pattern Recognition},
        year={2024}
}